@online{FISH,
    title = "how many people own fish",
    url = "https://worldanimalfoundation.org/advocate/pet-ownership-statistics/",
    addendum = "(accessed: 26/11/2024)",
    keywords = "Fish"
}

